% Encoding: UTF-8
@INPROCEEDINGS{cqam,

  author={Kraidy, Ghassan M. and Psomas, Constantinos and Krikidis, Ioannis},

  booktitle={2021 IEEE 22nd International Workshop on Signal Processing Advances in Wireless Communications (SPAWC)}, 

  title={Fundamentals of Circular QAM for Wireless Information and Power Transfer}, 

  year={2021},

  volume={},

  number={},

  pages={616-620},

  keywords={Wireless communication;Fading channels;Phase shift keying;Quadrature amplitude modulation;Error analysis;Modulation;Peak to average power ratio;Wireless power transfer;energy harvesting;SWIPT;coded modulation;CQAM},

  doi={10.1109/SPAWC51858.2021.9593249}}

@INPROCEEDINGS{sqam,
  author={Morales, Manuel Jose Lopez and Chen-Hu, Kun and Armada, Ana Garcia},
  booktitle={2022 IEEE 95th Vehicular Technology Conference: (VTC2022-Spring)}, 
  title={Optimum Constellation for Symbol-Error-Rate to PAPR Ratio Minimization in SWIPT}, 
  year={2022},
  volume={},
  number={},
  pages={1-5},
  keywords={AWGN channels;Vehicular and wireless technologies;Analytical models;Quadrature amplitude modulation;Peak to average power ratio;Numerical simulation;Minimization;Optimization;spike-QAM;SWIPT;PAPR;SER},
  doi={10.1109/VTC2022-Spring54318.2022.9860473}}

